%% This BibTeX bibliography file was created using BibDesk.
%% https://bibdesk.sourceforge.io/

%% Created for Sandra Auderset at 2023-10-13 19:49:01 +0200 


%% Saved with string encoding Unicode (UTF-8) 



@article{tallman2021constituency,
	author = {Tallman, Adam J. R.},
	date-added = {2023-10-13 19:47:20 +0200},
	date-modified = {2023-10-13 19:47:20 +0200},
	journal = {Studies in Language},
	number = {2},
	pages = {321--383},
	title = {Constituency and coincidence in {Chácobo} (Pano)},
	volume = {45},
	year = {2021}}

@book{tallman2023constituency,
	address = {Berlin},
	date-added = {2023-10-13 19:47:07 +0200},
	date-modified = {2023-10-13 19:48:59 +0200},
	editor = {Adam J. R. Tallman and Sandra Auderset and Hiroto Uchihara},
	publisher = {Language Sciences Press},
	title = {Constituency and Convergence in the {Americas}},
	year = {in press}}

@misc{tallman2019a-new-typology,
	author = {Tallman, Adam J. R. and Campbell, Eric W. and Uchihara, Hiroto and Gutiérrez, Ambrocio and Wylie, Dennis and Adell, Eric and Bermudez, Tulio and Camacho Rios, Gladys and Carol, Javier and Epps, Patience and Everdell, Michael and Juárez, Cristian R. and De Reuse, Willem and Neely, Kelsey and Salanova, Andrés and Woodbury, Anthony C. and Lemus Serrano, Magdalena and Bertet, Denis},
	date-added = {2023-10-13 19:46:37 +0200},
	date-modified = {2023-10-13 19:48:32 +0200},
	howpublished = {13th Conference of the Association for Linguistic Typology, University of Pavia, Italy, Sep. 4--6},
	title = {A new typology of constituency and convergence},
	year = {2019}}
