%% This BibTeX bibliography file was created using BibDesk.
%% https://bibdesk.sourceforge.io/

%% Created for Sandra Auderset at 2024-07-16 12:54:34 -0500 


%% Saved with string encoding Unicode (UTF-8) 



@misc{kassambara2023ggcorrplot,
	author = {Kassambara, Alboukadel},
	date-added = {2024-07-16 12:54:27 -0500},
	date-modified = {2024-07-16 12:54:34 -0500},
	howpublished = {\url{https://CRAN.R-project.org/package=ggcorrplot}},
	title = {ggcorrplot: Visualization of a Correlation Matrix using 'ggplot2'},
	year = {2023}}

@article{tallman2021constituency,
	author = {Tallman, Adam JR},
	date-added = {2024-07-16 12:51:33 -0500},
	date-modified = {2024-07-16 12:51:33 -0500},
	journal = {Studies in Language},
	number = {2},
	pages = {321--383},
	title = {Constituency and coincidence in Ch√°cobo (Pano)},
	volume = {45},
	year = {2021}}

@article{kahle2013ggmap,
	author = {Kahle, David and Wickham, Hadley},
	date-added = {2022-08-31 11:22:33 +0200},
	date-modified = {2022-08-31 11:22:33 +0200},
	howpublished = {\url{https://journal.r-project.org/archive/2013-1/kahle-wickham.pdf}},
	journal = {The R Journal},
	number = {1},
	pages = {144-161},
	title = {ggmap: Spatial Visualization with ggplot2},
	volume = {5},
	year = {2013}}
